<?xml version="1.0" encoding="UTF-8"?><collection xmlns="http://www.loc.gov/MARC21/slim"><record><leader>00491nam--2200169-i-4500</leader><controlfield tag="001">000009149</controlfield><controlfield tag="002">20161230</controlfield><controlfield tag="005">20161230201028</controlfield><controlfield tag="008">060222s1000------------r-----000-0-eng-d</controlfield><datafield ind1=" " ind2=" " tag="040"><subfield code="a">IFIN-HH</subfield></datafield><datafield ind1=" " ind2=" " tag="080"><subfield code="a">536.21</subfield></datafield><datafield ind1="1" ind2=" " tag="100"><subfield code="a">Baker, Michael Edward</subfield></datafield><datafield ind1="1" ind2="0" tag="245"><subfield code="a">Cation diffusion in fluoriste crystals</subfield><subfield code="b">Dissertation</subfield><subfield code="c">Michael edward baker</subfield></datafield><datafield ind1=" " ind2=" " tag="260"><subfield code="a">Ann Arbor, Michigan</subfield><subfield code="b">University Microfilms, Inc</subfield><subfield code="c">1968</subfield></datafield><datafield ind1=" " ind2=" " tag="300"><subfield code="a">VII + 91 P</subfield></datafield><datafield ind1=" " ind2=" " tag="852"><subfield code="a">32280</subfield><subfield code="c">539.217</subfield></datafield><datafield ind1=" " ind2=" " tag="CAT"><subfield code="a">Sys</subfield><subfield code="c">20121210</subfield><subfield code="h">144255</subfield></datafield></record></collection>